@article{Aljetlawi2004,
	author = {Aljetlawi, Albashir and Sparrevik, Erik and Leonardsson, Kjell},
	year = {2004},
	month = {03},
	pages = {239 - 252},
	title = {Prey-predator size-dependent functional response: Derivation and rescaling to the real world},
	volume = {73},
	journal = {Journal of Animal Ecology},
	doi = {10.1111/j.0021-8790.2004.00800.x}
}

@article{Deville2013,
	author = {Deville, Anne-Sophie and Grémillet, David and Gauthier-Clerc, Michel and Guillemain, Matthieu and Houwald, Friederike and Gardelli, Bruno and Béchet, Arnaud},
	year = {2013},
	month = {05},
	pages = {1413-25},
	title = {Non-linear feeding functional responses in the Greater Flamingo (Phoenicopterus roseus) predict immediate negative impact of wetland degradation on this flagship species},
	volume = {3},
	journal = {Ecology and evolution},
	doi = {10.1002/ece3.554}
}

@article{Holling1959a, 
	title={The Components of Predation as Revealed by a Study of Small-Mammal Predation of the European Pine Sawfly}, 
	volume={91}, 
	DOI={10.4039/Ent91293-5}, 
	number={5},
	journal={The Canadian Entomologist}, publisher={Cambridge University Press}, author={Holling, C. S.}, year={1959}, pages={293–320}
}

@article{Holling1959b, 
	title={Some Characteristics of Simple Types of Predation and Parasitism}, 
	volume={91}, 
	DOI={10.4039/Ent91385-7}, 
	number={7}, 
	journal={The Canadian Entomologist}, publisher={Cambridge University Press}, author={Holling, C. S.}, year={1959}, pages={385–398}
}

@article{Holling1965,
	author = {C. S. Holling},
	doi = {10.4039/entm9745fv},
	issn = {1920-3047},
	issue = {45},
	journal = {Memoirs of the Entomological Society of Canada},
	month = {6},
	pages = {1-60},
	publisher = {Cambridge University Press (CUP)},
	title = {The Functional Response of Predators to Prey Density and its Role in Mimicry and Population Regulation},
	volume = {97},
	year = {1965},
}

@article{Holling1966,
   author = {C. S. Holling},
   doi = {10.4039/entm9848fv},
   issn = {1920-3047},
   issue = {48},
   journal = {Memoirs of the Entomological Society of Canada},
   month = {1},
   pages = {1-86},
   publisher = {Cambridge University Press (CUP)},
   title = {The Functional Response of Invertebrate Predators to Prey Density},
   volume = {98},
   year = {1966},
}

@article{Jeschke2002,
	author = {Jeschke, Jonathan and Kopp, Michael and Tollrian, Ralph},
	year = {2002},
	month = {02},
	pages = {},
	title = {Predator Functional Responses: Discriminating Between Handling and Digesting Prey},
	volume = {72},
	journal = {Ecological Monographs, v.72, 95-112 (2002)},
	doi = {10.2307/3100087}
}

@article{Jeschke2004, 
	title={Consumer-food systems: why type I functional responses are exclusive to filter feeders}, 
	volume={79}, DOI={10.1017/S1464793103006286}, 
	number={2}, 
	journal={Biological Reviews}, publisher={Cambridge University Press}, author={Jeschke, Jonathan M. and Kopp, Michael and Tollrian, Ralph}, 
	year={2004}, 
	pages={337–349}
}

@article{kvalseth1985,
	author = {Kvålseth, Tarald},
	year = {2012},
	month = {03},
	pages = {279-285},
	title = {Cautionary Note About R2},
	volume = {39},
	journal = {The American Statistician},
	doi = {10.1080/00031305.1985.10479448}
}

@article{Johnson2004,
	author = {Johnson, Jerald and Omland, Kristian},
	year = {2004},
	month = {03},
	pages = {101-8},
	title = {Johnson JB, Omland KS.. Model selection in ecology and evolution. Trends Ecol Evol 19: 101-108},
	volume = {19},
	journal = {Trends in ecology and evolution},
	doi = {10.1016/j.tree.2003.10.013}
}

@article{Pawar2012,
	author = {Samraat Pawar and Anthony I. Dell and Van M. Savage},
	doi = {10.1038/nature11131},
	issn = {00280836},
	issue = {7404},
	journal = {Nature},
	month = {6},
	pages = {485-489},
	title = {Dimensionality of consumer search space drives trophic interaction strengths},
	volume = {486},
	year = {2012},
}

@article{Porter1983,
	author = {Porter, K. G. and Orcutt Jr., J. D. and Gerritsen, J.},
	title = {Functional Response and Fitness in a Generalist Filter Feeder, Daphnia Magna (Cladocera: Crustacea)},
	journal = {Ecology},
	volume = {64},
	number = {4},
	pages = {735-742},
	doi = {10.2307/1937196},
	url = {https://esajournals.onlinelibrary.wiley.com/doi/abs/10.2307/1937196},
	year = {1983}
}

@article{Real1977,
   author = {Real, Leslie A.},
   title = {The Kinetics of Functional Response},
   journal = {The American Naturalist},
   volume = {111},
   number = {978},
   pages = {289-300},
   year = {1977},
   doi = {10.1086/283161},
   URL = { 
   https://doi.org/10.1086/283161
   },
}

@article{Rincon2017,
	author = {Rincon, Diego and Cañas, Luis and Hoy, Casey},
	year = {2017},
	month = {06},
	pages = {1-13},
	title = {Modeling changes in predator functional response to prey across spatial scales},
	volume = {10},
	journal = {Theoretical Ecology},
	doi = {10.1007/s12080-017-0338-z}
}

@article{Seo2011,
	author = {Seo, Gunog and Deangelis, Donald},
	year = {2011},
	month = {12},
	pages = {811-833},
	title = {A Predator–Prey Model with a Holling Type I Functional Response Including a Predator Mutual Interference},
	volume = {21},
	journal = {J. Nonlinear Science},
	doi = {10.1007/s00332-011-9101-6}
}

@article{Solomon1949,
	ISSN = {00218790, 13652656},
	URL = {http://www.jstor.org/stable/1578},
	author = {M. E. Solomon},
	journal = {Journal of Animal Ecology},
	number = {1},
	pages = {1--35},
	publisher = {[Wiley, British Ecological Society]},
	title = {The Natural Control of Animal Populations},
	volume = {18},
	year = {1949}
}

@Manual{R,
	title = {R: A Language and Environment for Statistical Computing},
	author = {{R Core Team}},
	organization = {R Foundation for Statistical Computing},
	address = {Vienna, Austria},
	year = {2019},
	url = {https://www.R-project.org/},
	}

@book{Python,
	author = {Van Rossum, Guido and Drake, Fred L.},
	title = {Python 3 Reference Manual},
	year = {2009},
	isbn = {1441412697},
	publisher = {CreateSpace},
	address = {Scotts Valley, CA}
} 

@book{NumPy,
	title={A guide to NumPy},
	author={Oliphant, Travis E},
	volume={1},
	year={2006},
	publisher={Trelgol Publishing USA}
} 

@inproceedings{pandas,
	title={Data structures for statistical computing in python},
	author={McKinney, Wes and others},
	booktitle={Proceedings of the 9th Python in Science Conference},
	volume={445},
	pages={51--56},
	year={2010},
	organization={Austin, TX}
} 

@software{lmfit,
	author       = {Newville, Matthew and
	Stensitzki, Till and
	Allen, Daniel B. and
	Ingargiola,  Antonino},
	title        = {{LMFIT: Non-Linear Least-Square Minimization and 
	Curve-Fitting for Python}},
	month        = sep,
	year         = 2014,
	publisher    = {Zenodo},
	version      = {0.8.0},
	doi          = {10.5281/zenodo.11813},
	url          = {https://doi.org/10.5281/zenodo.11813}
}

 @Book{ggplot2,
    author = {Hadley Wickham},
    title = {ggplot2: Elegant Graphics for Data Analysis},
    publisher = {Springer-Verlag New York},
    year = {2016},
    isbn = {978-3-319-24277-4},
    url = {https://ggplot2.tidyverse.org},
  }

  @Article{tidyverse,
    title = {Welcome to the {tidyverse}},
    author = {Hadley Wickham and Mara Averick and Jennifer Bryan and Winston Chang and Lucy D'Agostino McGowan and Romain François and Garrett Grolemund and Alex Hayes and Lionel Henry and Jim Hester and Max Kuhn and Thomas Lin Pedersen and Evan Miller and Stephan Milton Bache and Kirill Müller and Jeroen Ooms and David Robinson and Dana Paige Seidel and Vitalie Spinu and Kohske Takahashi and Davis Vaughan and Claus Wilke and Kara Woo and Hiroaki Yutani},
    year = {2019},
    journal = {Journal of Open Source Software},
    volume = {4},
    number = {43},
    pages = {1686},
    doi = {10.21105/joss.01686},
  }

@Manual{DescTools,
    title = {DescTools: Tools for Descriptive Statistics},
    author = {Andri Signorell et mult. al.},
    year = {2020},
    note = {R package version 0.99.32},
    url = {https://cran.r-project.org/package=DescTools},
  }

  @Manual{janitor,
    title = {janitor: Simple Tools for Examining and Cleaning Dirty Data},
    author = {Sam Firke},
    year = {2020},
    note = {R package version 1.2.1},
    url = {https://CRAN.R-project.org/package=janitor},
  }

@article{Aurelia,
	author = {Hansson, Lars},
	year = {2006},
	month = {01},
	pages = {113-126},
	title = {A method for in situ estimation of prey selectivity and predation rate in large plankton, exemplified with the jellyfish Aurelia aurita (L.)},
	volume = {328},
	journal = {Journal of Experimental Marine Biology and Ecology},
	doi = {10.1016/j.jembe.2005.07.002},
}

@article{Copepod,
	author = {Green, J. and Shiel, Russell},
	year = {1999},
	month = {09},
	pages = {385-398},
	title = {Mouthpart morphology of three calanoid copepods from Australian temporary pools: Evidence for carnivory},
	volume = {33},
	journal = {New Zealand Journal of Marine and Freshwater Research},
	doi = {10.1080/00288330.1999.9516885},
}

@article{Nereis,
	author = {Riisgård, Hans Ulrik},
	year = {1994},
	month = {09},
	pages = {453-458},
	title = {Filter-feeding in the polychaete Nereis diversicolor: A review},
	volume = {28},
	journal = {Aquatic Ecology - AQUAT ECOL},
	doi = {10.1007/BF02334216}
}

@article{Cyclops,
	author = {Kerfoot, W. Charles},
	title = {Combat between predatory copepods and their prey: Cyclops, Epischura, and Bosmina 1},
	journal = {Limnology and Oceanography},
	volume = {23},
	number = {6},
	pages = {1089-1102},
	doi = {10.4319/lo.1978.23.6.1089},
	url = {https://aslopubs.onlinelibrary.wiley.com/doi/abs/10.4319/lo.1978.23.6.1089},
	eprint = {https://aslopubs.onlinelibrary.wiley.com/doi/pdf/10.4319/lo.1978.23.6.1089},
	year = {1978}
}

@article{Praunus,
	author = {Viitasalo, Markku and Rautio, Milla},
	year = {1998},
	month = {11},
	pages = {77-87},
	title = {Zooplanktivory by Praunus flexuosus (Crustacea: Mysidacea): Functional responses and prey selection in relation to prey escape responses},
	volume = {174},
	journal = {Marine Ecology Progress Series},
	doi = {10.3354/meps174077}
}

@article{Stethorus,
	author = {Hull, Larry A. and Asquith, Dean and Mowery, Paul D.},
	title = "{ The Functional Responses of  Stethorus punctum 1 to Densities of the European Red Mite 234}",
	journal = {Environmental Entomology},
	volume = {6},
	number = {1},
	pages = {85-90},
	year = {1977},
	month = {02},
	issn = {0046-225X},
	doi = {10.1093/ee/6.1.85},
	url = {https://doi.org/10.1093/ee/6.1.85},
}

@article{Rhyacophila,
	author = {Elliott, J.},
	year = {2005},
	month = {09},
	pages = {2021 - 2033},
	title = {Ontogenetic shifts in the functional response and interference interactions of Rhyacophila dorsalis larvae (Trichoptera)},
	volume = {50},
	journal = {Freshwater Biology},
	doi = {10.1111/j.1365-2427.2005.01441.x}
}

@article{Sander,
	author = {Galarowicz, Tracy and Wahl, David},
	year = {2011},
	month = {04},
	pages = {2330-2342},
	title = {Foraging by a young-of-the-year piscivore: The role of predator size, prey type, and density},
	volume = {62},
	journal = {Canadian Journal of Fisheries and Aquatic Sciences},
	doi = {10.1139/f05-148}
}

@article{Crangon,
	author = {Andresen, Henrike and van der Meer, Jaap},
	year = {2010},
	month = {07},
	pages = {31-38},
	title = {Brown shrimp (Crangon crangon, L.) functional response to density of different sized juvenile bivalves Macoma balthica (L.)},
	volume = {390},
	journal = {Journal of Experimental Marine Biology and Ecology},
	doi = {10.1016/j.jembe.2010.04.027}
}

@article{Notonecta,
	author = {Gergs, André and Ratte, Hans-Toni},
	year = {2009},
	month = {12},
	pages = {3331-3341},
	title = {Predicting functional response and size selectivity of juvenile Notonecta maculata foraging on Daphnia magna},
	volume = {220},
	journal = {Ecological Modelling},
	doi = {10.1016/j.ecolmodel.2009.08.012}
}

@article{Ranatra,
	author = {Bailey, Paul},
	year = {2010},
	month = {01},
	pages = {315-332},
	title = {The Feeding Behaviour of a Sit-and-Wait Predator, Ranatra dispar (Heteroptera: Nepidae): The Combined Effect of Food Deprivation and Prey Size on the Behavioural Components of Prey Capture},
	volume = {71},
	journal = {Ethology},
	doi = {10.1111/j.1439-0310.1986.tb00596.x}
}

@article{Chaoborus,
	author = {Moore, Marianne},
	year = {1988},
	month = {04},
	pages = {},
	title = {Density-dependent predation of early instar Chaoborus feeding on multi-species prey assemblages},
	journal = {Limnology and Oceanography},
	doi = {10.4319/lo.1988.33.2.0256}
}

@online{Anomalagrion,
	author = {Missouri Department of Conservation},
	title = {Damselfly Larvae Damselfly Nymphs | MDC Discover Nature},
	year = 2020,
	url = {https://nature.mdc.mo.gov/discover-nature/field-guide/damselfly-larvae},
	urldate = {2020-03-06}
}