@article{einstein1905does,
  title={Does the inertia of a body depend upon its energy-content},
  author={Einstein, Albert},
  journal={Annalen der Physik},
  volume={18},
  number={13},
  pages={639--41},
  year={1905}
}
